@Manual{R-base,
  title = {R: A Language and Environment for Statistical
           Computing},
  author = {{R Core Team}},
  organization = {R Foundation for Statistical Computing},
  address = {Vienna, Austria},
  year = {2019},
  url = {https://www.R-project.org},
}

@misc{geih,
 author= {Sarmiento-Barbieri, I.},
 title	= {Problem Set 1. BDML},
 howpublished= {[Base de datos]. \path{https://ignaciomsarmiento.github.io/GEIH2018_sample/}},
 year= {2024},
 language = {english},
}